% This file was created with JabRef 2.10.
% Encoding: UTF8


@Misc{Bariumzerfall,
  Title                    = {{The NUBASE2016 evaluation of nuclear properties}},

  Author                   = {{G. Audi, F.G. Kondev, Meng Wang, W.J. Huang, S. Naimi}},
  HowPublished             = {{Chinese Physics C Vol. 41, No. 3 (2017) 030001, } \url{https://www-nds.iaea.org/amdc/ame2016/NUBASE2016.pdf}},
  Note                     = {[18.03.2019]},

  Owner                    = {markus},
  Timestamp                = {2019.03.18}
}

@Misc{Antennenbauanleitung,
  Title                    = {{A quick sleeve metal dipole for 23 cm}},

  Author                   = {{LA3WUA}},
  HowPublished             = {\url{https://www.la1k.no/2017/10/25/a-quick-sleeve-metal-dipole-for-23-cm/}},
  Note                     = {[17.05.19]},

  Owner                    = {markus},
  Timestamp                = {2019.05.18}
}

@Misc{Fehlerschaltungen,
  Title                    = {{Messfehlerschaltungen}},

  Author                   = {{Patrick Schnabel}},
  HowPublished             = {\url{https://www.elektronik-kompendium.de/sites/grd/0306091.htm}},
  Note                     = {[26.03.2019]},

  Owner                    = {markus},
  Timestamp                = {2019.03.26}
}

@Booklet{Versuchsanleitung,
  Title                    = {{Versuchsanleitung zum Physiklabor für Anfängerinnen, Teil 2}},
  Author                   = {{Physikalisches Institut der Albert-Ludwigs-Universität Freiburg (Hrsg.) }},
  Month                    = {2},
  Year                     = {2019},

  Timestamp                = {2018.09.18}
}

@Misc{curvescipy,
  Title                    = {{\verb|curve_fit|}},
  HowPublished             = {{Funktion aus dem Python3 Paket \verb|scipy.optimize| zur Kurvenanpassung an die Messdaten.}},

  Owner                    = {markus},
  Timestamp                = {2019.03.12}
}

@Misc{LabPlot2,
  Title                    = {{LabPlot2}},
  HowPublished             = {{für die Darstellung der Messdaten und die Berechnung der Ausgleichsgeraden}},

  Owner                    = {markus},
  Timestamp                = {2019.03.06}
}

@Misc{mathplotlib,
  Title                    = {{\verb|mathplotlib.pylab|}},
  HowPublished             = {{Python3 Paket zur Darstellung der Messdaten und angepassten Kurven.}},

  Owner                    = {markus},
  Timestamp                = {2019.03.12}
}

@Misc{NahfeldundFernfeld,
  Title                    = {{Nahfeld und Fernfeld (Antennen)}},
  HowPublished             = {\url{https://de.wikipedia.org/wiki/Nahfeld_und_Fernfeld_%28Antennen%29}},
  Note                     = {[2.07.19]},

  Owner                    = {markus},
  Timestamp                = {2019.05.18}
}

@Misc{tikz,
  Title                    = {{Tikz}},
  HowPublished             = {{(\LaTeX \ Paket) für alle nicht mit Quellen versehen Abbildungen}},

  Owner                    = {markus},
  Timestamp                = {2019.03.06}
}

@Misc{wikie,
  Title                    = {{Elementarladung}},
  HowPublished             = {\url{https://de.wikipedia.org/wiki/Elementarladung}},
  Note                     = {[06.03.2019]},

  Owner                    = {markus},
  Timestamp                = {2019.03.06}
}

@Misc{wikiem,
  Title                    = {{Elektron}},
  HowPublished             = {\url{https://de.wikipedia.org/wiki/Elektron}},
  Note                     = {[09.03.2019]},

  Owner                    = {markus},
  Timestamp                = {2019.03.09}
}

@Misc{wikih,
  Title                    = {{Plancksches Wirkungsquantum}},
  HowPublished             = {\url{https://de.wikipedia.org/wiki/Plancksches_Wirkungsquantum}},
  Note                     = {[06.03.2019]},

  Owner                    = {markus},
  Timestamp                = {2019.03.06}
}

@Misc{wikisilber,
  Title                    = {{Silber}},
  HowPublished             = {\url{https://de.wikipedia.org/wiki/Silber}},
  Note                     = {[22.03.19]},

  Owner                    = {markus},
  Timestamp                = {2019.03.22}
}

